%YAML 1.1
%TAG !u! tag:unity3d.com,2011:
--- !u!114 &6365688514576685721
MonoBehaviour:
  m_ObjectHideFlags: 0
  m_CorrespondingSourceObject: {fileID: 0}
  m_PrefabInstance: {fileID: 0}
  m_PrefabAsset: {fileID: 0}
  m_GameObject: {fileID: 1481198944866243159}
  m_Enabled: 1
  m_EditorHideFlags: 0
  m_Script: {fileID: 11500000, guid: fad2682657e5a9442817c562d1928e48, type: 3}
  m_Name: 
  m_EditorClassIdentifier: 
  invertMatrix: 1
  saveName: MyCharacterName
  armature: {fileID: 1481198944866243153}
  masterBone: {fileID: 0}
  anim: {fileID: 1481198944875634773}
  animCullingMode: 0
  textureAtlasSize: 1024
  isMipMap: 1
  blendMode: 0
  metalness: 0
  smoothness: 1
  textureFormat: 4
  combineImmediateChildrenOnly: 1
  excludeClothMeshes: 0
  myCombinedMesh: {fileID: 4682857631696398499}
  mySkinnedMeshes:
  - {fileID: 1481198944871456405}
  - {fileID: 1481198944871456407}
  defaultBonePositions:
  - {x: -0, y: 0, z: 0}
  - {x: -0.0000003014259, y: 1.4677843, z: 0.0230784}
  - {x: -0.19009124, y: -0.00022907242, z: 0.0000000062405934}
  - {x: -0.28794825, y: -0.00010654434, z: -0.00000019582848}
  - {x: -0.007627387, y: -0.001022463, z: 0.05560147}
  - {x: -0.15468892, y: 0.00000035620184, z: -0.00000047797033}
  - {x: -0.35697412, y: 0.000000012516975, z: -0.0000006137788}
  - {x: -0.36139876, y: -0.000000019073486, z: -0.000005173087}
  - {x: -0.04677574, y: 0.0188897, z: -0.0652574}
  - {x: -0.028949313, y: -0.0000005340576, z: -0.000000033974647}
  - {x: -0.037183724, y: 0.0000031375885, z: -0.00000015616416}
  - {x: -0.03718498, y: -0.000000028610229, z: -0.0000006616115}
  - {x: 0.000000019073486, y: 0.037184972, z: 0.00000004649162}
  - {x: -0.104195565, y: 0.0019319952, z: -0.025154311}
  - {x: -0.0656747, y: 0.0000004827976, z: -0.000000047683713}
  - {x: -0.030376386, y: -0.000003323555, z: 0.000000038146972}
  - {x: -0.027487654, y: -0.00000028073788, z: -0.000000047683713}
  - {x: 0.000000038146972, y: 0.027487388, z: 0.000000009536743}
  - {x: -0.1036715, y: -0.0019100864, z: 0.00091887085}
  - {x: -0.07165216, y: 0.000004379749, z: -0.000000019073486}
  - {x: -0.03734549, y: -0.0000040896234, z: 0.0000001513958}
  - {x: -0.03318577, y: 0.00000009983778, z: 0.000000027418135}
  - {x: -0.00000007033348, y: 0.033185516, z: -0.0000000035762786}
  - {x: -0.10506533, y: -0.00015090361, z: 0.027023736}
  - {x: -0.061293695, y: 0.00000088870524, z: -0.000000021457671}
  - {x: -0.03222847, y: -0.0000006834976, z: -0.000000044107438}
  - {x: -0.03232975, y: 0.0000002803956, z: -0.000000022053719}
  - {x: -0.000000050663946, y: 0.032329854, z: 5.9604643e-10}
  - {x: -0.09620247, y: 0.0114095695, z: 0.05627048}
  - {x: -0.045186896, y: -0.000001539588, z: -0.000000064969065}
  - {x: -0.025866568, y: 0.0000027388705, z: 0.000000030994414}
  - {x: -0.026246993, y: 0.00000007383525, z: 0.00000034332274}
  - {x: 0.000000047683713, y: 0.026247276, z: 0.000000038146972}
  - {x: -0.007628292, y: -0.0010223412, z: -0.05560147}
  - {x: -0.15469101, y: 0.000000029369456, z: 0.0000000636243}
  - {x: -0.3569767, y: -0.000000012516975, z: -0.00000057160855}
  - {x: -0.36140236, y: 0.0000005483627, z: -0.0000036352872}
  - {x: -0.046779905, y: 0.018893221, z: 0.065257885}
  - {x: -0.028942766, y: -0.0000005340576, z: -0.0000004118681}
  - {x: -0.03718518, y: -0.00000041007993, z: 0.0000005996227}
  - {x: -0.037184943, y: 0.00000017166137, z: 0.00000016331673}
  - {x: -0.000000019073486, y: 0.037184782, z: -0.000000047683713}
  - {x: -0.104195885, y: 0.0019332087, z: 0.025154049}
  - {x: -0.06567424, y: -0.0000016355514, z: -0.00000022888183}
  - {x: -0.030377172, y: 0.00000094264743, z: -0.00000029563904}
  - {x: -0.027487464, y: -0.0000003105402, z: -0.000000057220458}
  - {x: -0.000000038146972, y: 0.027487371, z: 0}
  - {x: -0.1036706, y: -0.001910957, z: -0.0009189528}
  - {x: -0.071654476, y: 0.0000035311282, z: 0.0000000011920929}
  - {x: -0.03734316, y: -0.0000035864114, z: -0.00000015854835}
  - {x: -0.033185873, y: -0.00000014647841, z: 0.000000035762785}
  - {x: 0.000000004172325, y: 0.033185776, z: 0.0000000035762786}
  - {x: -0.10506514, y: -0.00014739021, z: -0.027023094}
  - {x: -0.061294053, y: -0.0000034163147, z: 0.000000166893}
  - {x: -0.032231864, y: 0.00000029190443, z: 0.00000019073485}
  - {x: -0.032329474, y: -0.00000030767754, z: 0.00000027656554}
  - {x: 0.00000008299946, y: 0.03232931, z: 0.000000005364418}
  - {x: -0.09620292, y: 0.01140816, z: -0.056269653}
  - {x: -0.045186784, y: -0.00000042028725, z: -0.00000009477138}
  - {x: -0.025867624, y: 0.0000016134977, z: 0.00000040292738}
  - {x: -0.02624708, y: -0.00000004030764, z: -0.0000000047683715}
  - {x: -0.000000028610229, y: 0.02624733, z: -0.000000021457671}
  - {x: -0.13521695, y: 0.00000007152192, z: -0.0000000056904037}
  - {x: -0.27963036, y: 0.000000037492633, z: -0.00000049113186}
  - {x: -0.00000015735795, y: 0.18096672, z: -8.0035533e-13}
  - {x: -0.101152934, y: 0.079140045, z: -0.02774018}
  - {x: -0.0000000032813567, y: 0.18096678, z: 7.832523e-10}
  - {x: -0.1011532, y: 0.079139724, z: 0.02992917}
  - {x: -0.000000011128952, y: 0.18096685, z: -0.000000004646781}
  - {x: 0.13685341, y: -0.017145842, z: 0.1189919}
  - {x: -0.6318785, y: 0.06931954, z: 0.0002434285}
  - {x: -0.53320843, y: -0.00000030338762, z: 0.0000009700656}
  - {x: -0.13344958, y: 0.1690748, z: -0.001427549}
  - {x: -0.09652314, y: 0.00000005364418, z: -0.0000000500679}
  - {x: -0.000000017285346, y: 0.09652322, z: -0.000000005960464}
  - {x: 0.13685207, y: -0.017145254, z: -0.1189918}
  - {x: -0.63188076, y: 0.06931947, z: -0.0002235759}
  - {x: -0.53320825, y: 0.00000017344951, z: 0.00000017628074}
  - {x: -0.13345088, y: 0.16907081, z: 0.0014281658}
  - {x: -0.096523024, y: 0.000000011269003, z: -0.000000026859343}
  - {x: 0.0000000017881393, y: 0.09652311, z: -0.0000000035762786}
  defaultBoneRotations:
  - {x: 0.000000021855694, y: 0, z: -0, w: 1}
  - {x: 0.5001993, y: -0.49979988, z: -0.5001986, w: 0.499802}
  - {x: 1.9409474e-12, y: 0.00000035762974, z: 2.437268e-13, w: 1}
  - {x: 0.000000026350033, y: -0.00000011495333, z: -0.07307739, w: 0.9973263}
  - {x: -0.66446894, y: -0.048954893, z: 0.74369514, w: -0.054789774}
  - {x: -0.09528527, y: -0.062366195, z: -0.024391122, w: 0.993195}
  - {x: 0.037012015, y: 0.0030864172, z: 0.08299158, w: 0.9958579}
  - {x: -0.6526684, y: -0.000003219051, z: -0.0000023711189, w: 0.7576437}
  - {x: 0.558303, y: -0.36267668, z: 0.164249, w: 0.7278637}
  - {x: 0.0000023730481, y: 0.0000017369446, z: -0.005677013, w: 0.9999839}
  - {x: -0.0000017413331, y: -0.0000021780663, z: 0.06323707, w: 0.99799854}
  - {x: 0.000000063329935, y: -0.000000029802322, z: -0.00000057742, w: 1}
  - {x: -0.00000016810372, y: 0.000000058673322, z: 0.00000022910535, w: 1}
  - {x: 0.0055884337, y: -0.13019656, z: -0.04546561, w: 0.99042946}
  - {x: -0.0000002339216, y: 0.0000010910904, z: 0.036937043, w: 0.9993176}
  - {x: 0.00000060880546, y: -0.0000009837773, z: -0.024725195, w: 0.9996943}
  - {x: 0.000000041909516, y: -0.00000022398308, z: -0.00000010617077, w: 1}
  - {x: -0.0000000037252903, y: -0.000000020256266, z: -0.000000091735274, w: 1}
  - {x: -0.0012020321, y: 0.022985507, z: -0.03495328, w: 0.9991239}
  - {x: 0.00000040661902, y: -0.0000014612435, z: 0.021810794, w: 0.9997621}
  - {x: -0.000000046340947, y: -0.00000023391699, z: 0.018174317, w: 0.99983484}
  - {x: -0.00000007636845, y: 0.00000072593684, z: 0.000000064319465, w: 1}
  - {x: 0.00000007613562, y: -0.0000007257331, z: -0.00000000896398, w: 1}
  - {x: -0.015598832, y: 0.20638351, z: -0.07197992, w: 0.9756954}
  - {x: -0.0000007609559, y: 0.00000010152288, z: 0.013099938, w: 0.9999142}
  - {x: 0.0000010841054, y: -0.00000082341245, z: 0.017296396, w: 0.99985045}
  - {x: -0.00000032308162, y: 0.00000010058284, z: 0.0000010850927, w: 1}
  - {x: -0.000000006140909, y: 0.000000074040145, z: -0.000000027168426, w: 1}
  - {x: -0.026548954, y: 0.3280611, z: -0.07522332, w: 0.9412824}
  - {x: -0.00000038528017, y: -0.0000011190365, z: 0.030420277, w: 0.99953717}
  - {x: 0.00000031665454, y: 0.00000067801324, z: 0.005520329, w: 0.9999848}
  - {x: 0.00000026775524, y: 0.00000089500105, z: -0.0000002726447, w: 1}
  - {x: 0.00000002561137, y: -0.00000032503158, z: 0.000000029336663, w: 1}
  - {x: 0.6644691, y: 0.04895317, z: 0.743695, w: -0.054791525}
  - {x: 0.095284805, y: 0.062368058, z: -0.024391238, w: 0.99319494}
  - {x: -0.037012544, y: -0.003075707, z: 0.08299187, w: 0.9958579}
  - {x: 0.6526677, y: -0.0000064312017, z: 0.000005240918, w: 0.7576443}
  - {x: -0.5583039, y: 0.3626752, z: 0.16425264, w: 0.7278631}
  - {x: 0.0000021085482, y: 0.0000023804992, z: -0.005677587, w: 0.9999839}
  - {x: -0.0000014674422, y: -0.00000015957559, z: 0.063236594, w: 0.9979986}
  - {x: 0.00000057276344, y: -0.000000001396955, z: 1, w: -0.00000004371139}
  - {x: 0.000000488013, y: 0.000000006519257, z: -0.000000020489093, w: 1}
  - {x: -0.005587977, y: 0.13019705, z: -0.04546597, w: 0.9904294}
  - {x: -0.000000062907205, y: 0.00000170828, z: 0.036937654, w: 0.9993176}
  - {x: 0.00000063395885, y: -0.000001668509, z: -0.024726419, w: 0.9996942}
  - {x: -0.0000003434252, y: 9.313377e-10, z: 1, w: 0.000000043711392}
  - {x: -9.313226e-10, y: 0.000000009080395, z: 0.00000007310882, w: 1}
  - {x: 0.0012029954, y: -0.022984926, z: -0.03495495, w: 0.9991238}
  - {x: -0.00000011062088, y: -0.000001192435, z: 0.021809867, w: 0.9997622}
  - {x: 0.00000022239001, y: 0.00000014044919, z: 0.018176043, w: 0.99983484}
  - {x: 0.00000052381074, y: -6.985156e-10, z: 1, w: 0.000000043711392}
  - {x: 0.00000007636845, y: -0.000000009196811, z: -7.566998e-10, w: 1}
  - {x: 0.015598993, y: -0.20638385, z: -0.07198039, w: 0.97569525}
  - {x: -0.0000002777908, y: -0.000001315606, z: 0.013097285, w: 0.9999142}
  - {x: 0.000000501505, y: 0.00000047923726, z: 0.017300064, w: 0.9998504}
  - {x: 0.00000045495105, y: 0.0000000014842723, z: 1, w: 0.00000004371139}
  - {x: 0.00000022555469, y: -0.000000024214389, z: -0.00000062945765, w: 1}
  - {x: 0.026549408, y: -0.32805967, z: -0.075224355, w: 0.9412828}
  - {x: -0.00000076869696, y: -0.000001910095, z: 0.03041953, w: 0.9995372}
  - {x: 0.00000038371078, y: -0.00000001490139, z: 0.0055206213, w: 0.9999848}
  - {x: -0.0000013140962, y: 0.0000000051222164, z: 1, w: -0.000000043711385}
  - {x: 0.000000023748724, y: 0.0000000055879354, z: 9.313226e-10, w: 1}
  - {x: -0.000000066071884, y: 0.00000065104166, z: 0.07347509, w: 0.99729705}
  - {x: -6.0819084e-12, y: 0.0000008344634, z: 0.00000089588093, w: 1}
  - {x: -1.7809452e-13, y: 3.411646e-13, z: -0.0000000067282797, w: 1}
  - {x: -0.67661035, y: 0.73634124, z: -0.00000013739219, w: 0.0000010382487}
  - {x: -0.0000000017133353, y: 0.000000029000244, z: 0.000000011175914, w: 1}
  - {x: -0.6766102, y: 0.7363414, z: -0.00000028415712, w: 0.0000008493198}
  - {x: -0.0000000018049953, y: -0.0000000121919115, z: 0.000000011175857, w: 1}
  - {x: 0.024713075, y: 0.9990521, z: -0.020931467, w: 0.029086081}
  - {x: -0.00000095243803, y: -0.000014034863, z: 0.07224679, w: 0.9973868}
  - {x: -0.15007657, y: 0.13479145, z: -0.06319112, w: 0.97740227}
  - {x: 0.025338538, y: 0.022370243, z: -0.7064207, w: 0.7069847}
  - {x: -0.000000099884346, y: -0.000000010477383, z: 1, w: -0.000000043711392}
  - {x: -0.000000002561137, y: 0.000001097098, z: 0.000000088475645, w: 1}
  - {x: 0.019088302, y: 0.9995289, z: 0.006109968, w: -0.023246275}
  - {x: 0.000002407904, y: 0.000028567267, z: 0.08219457, w: 0.9966163}
  - {x: 0.10259447, y: -0.029374724, z: -0.060622953, w: 0.9924396}
  - {x: -0.019320015, y: -0.020382578, z: -0.70937026, w: 0.7042763}
  - {x: 0.00000000584987, y: -0.000000007566996, z: -0.0000000012223609, w: 1}
  - {x: 0.0000000036670826, y: -0.000000048530637, z: -0.00000000894579, w: 1}
  myBones:
  - {fileID: 1481198944865750641}
  - {fileID: 1481198944865750555}
  - {fileID: 1481198944865750533}
  - {fileID: 1481198944865751023}
  - {fileID: 1481198944865750975}
  - {fileID: 1481198944865751021}
  - {fileID: 1481198944865751039}
  - {fileID: 1481198944865751033}
  - {fileID: 1481198944865750969}
  - {fileID: 1481198944865750971}
  - {fileID: 1481198944865750949}
  - {fileID: 1481198944865750951}
  - {fileID: 1481198944865750945}
  - {fileID: 1481198944865750957}
  - {fileID: 1481198944865750959}
  - {fileID: 1481198944865750953}
  - {fileID: 1481198944865750955}
  - {fileID: 1481198944865750933}
  - {fileID: 1481198944865750929}
  - {fileID: 1481198944865750931}
  - {fileID: 1481198944865750941}
  - {fileID: 1481198944865750943}
  - {fileID: 1481198944865750937}
  - {fileID: 1481198944865750917}
  - {fileID: 1481198944865750919}
  - {fileID: 1481198944865750913}
  - {fileID: 1481198944865750915}
  - {fileID: 1481198944865750925}
  - {fileID: 1481198944865750921}
  - {fileID: 1481198944865750923}
  - {fileID: 1481198944865751029}
  - {fileID: 1481198944865751031}
  - {fileID: 1481198944865751025}
  - {fileID: 1481198944865751019}
  - {fileID: 1481198944865750553}
  - {fileID: 1481198944865750571}
  - {fileID: 1481198944865750549}
  - {fileID: 1481198944865750997}
  - {fileID: 1481198944865750999}
  - {fileID: 1481198944865750993}
  - {fileID: 1481198944865750995}
  - {fileID: 1481198944865751005}
  - {fileID: 1481198944865751001}
  - {fileID: 1481198944865751003}
  - {fileID: 1481198944865750981}
  - {fileID: 1481198944865750983}
  - {fileID: 1481198944865750977}
  - {fileID: 1481198944865750989}
  - {fileID: 1481198944865750991}
  - {fileID: 1481198944865750985}
  - {fileID: 1481198944865750987}
  - {fileID: 1481198944865750581}
  - {fileID: 1481198944865750577}
  - {fileID: 1481198944865750579}
  - {fileID: 1481198944865750589}
  - {fileID: 1481198944865750591}
  - {fileID: 1481198944865750585}
  - {fileID: 1481198944865750565}
  - {fileID: 1481198944865750567}
  - {fileID: 1481198944865750561}
  - {fileID: 1481198944865750563}
  - {fileID: 1481198944865750573}
  - {fileID: 1481198944865750965}
  - {fileID: 1481198944865750967}
  - {fileID: 1481198944865750961}
  - {fileID: 1481198944865750535}
  - {fileID: 1481198944865750529}
  - {fileID: 1481198944865750541}
  - {fileID: 1481198944865750543}
  - {fileID: 1481198944865751035}
  - {fileID: 1481198944865750973}
  - {fileID: 1481198944865751037}
  - {fileID: 1481198944865751013}
  - {fileID: 1481198944865751015}
  - {fileID: 1481198944865751009}
  - {fileID: 1481198944865750551}
  - {fileID: 1481198944865751017}
  - {fileID: 1481198944865750569}
  - {fileID: 1481198944865750545}
  - {fileID: 1481198944865750547}
  - {fileID: 1481198944865750557}
  texturesDiffuse:
  - {fileID: 0}
  - {fileID: 0}
  - {fileID: 0}
  - {fileID: 0}
  - {fileID: 0}
  - {fileID: 0}
  - {fileID: 0}
  - {fileID: 0}
  - {fileID: 0}
  - {fileID: 0}
  - {fileID: 0}
  - {fileID: 0}
  - {fileID: 0}
  - {fileID: 0}
  texturesNormals:
  - {fileID: 0}
  - {fileID: 0}
  - {fileID: 0}
  - {fileID: 0}
  - {fileID: 0}
  - {fileID: 0}
  - {fileID: 0}
  - {fileID: 0}
  - {fileID: 0}
  - {fileID: 0}
  - {fileID: 0}
  - {fileID: 0}
  - {fileID: 0}
  texturesMetallic:
  - {fileID: 0}
  - {fileID: 0}
  - {fileID: 0}
  - {fileID: 0}
  - {fileID: 0}
  - {fileID: 0}
  - {fileID: 0}
  - {fileID: 0}
  - {fileID: 0}
  - {fileID: 0}
  - {fileID: 0}
  - {fileID: 0}
  - {fileID: 0}
  - {fileID: 0}
  texturesAO: []
  defaultNormsList:
  - {fileID: 2800000, guid: a0b9c1cae25e62449bd467888e7c6abe, type: 3}
  - {fileID: 2800000, guid: 68124e270ab69784cafd554b539e5109, type: 3}
  - {fileID: 2800000, guid: e9e7a5dad9a75544a97d16bd283ea0ee, type: 3}
  - {fileID: 2800000, guid: dafdb72adc6771047bbd667c3630df75, type: 3}
  - {fileID: 2800000, guid: 8ba94838076ba0e489ab079d0361b99f, type: 3}
  - {fileID: 2800000, guid: c049aeebb03986d4a8422414005a94d2, type: 3}
  - {fileID: 2800000, guid: 3b0cbc80067284e46b7008721c3b775c, type: 3}
  - {fileID: 2800000, guid: 1fd1531b701ded142ac1c9e75d796389, type: 3}
  excludeNormals: 0
  excludeSpecular: 0
  excludeAO: 0
  diffuseAtlas: {fileID: 0}
  normalsAtlas: {fileID: 0}
  specularAtlas: {fileID: 0}
  aoAtlas: {fileID: 0}
  displayHiddenButtons: 0
--- !u!1 &4682857631696398499
GameObject:
  m_ObjectHideFlags: 0
  m_CorrespondingSourceObject: {fileID: 0}
  m_PrefabInstance: {fileID: 0}
  m_PrefabAsset: {fileID: 0}
  serializedVersion: 6
  m_Component:
  - component: {fileID: 7347331564400827732}
  - component: {fileID: 7037722134964606680}
  m_Layer: 0
  m_Name: MyCombinedMesh
  m_TagString: Untagged
  m_Icon: {fileID: 0}
  m_NavMeshLayer: 0
  m_StaticEditorFlags: 0
  m_IsActive: 1
--- !u!4 &7347331564400827732
Transform:
  m_ObjectHideFlags: 0
  m_CorrespondingSourceObject: {fileID: 0}
  m_PrefabInstance: {fileID: 0}
  m_PrefabAsset: {fileID: 0}
  m_GameObject: {fileID: 4682857631696398499}
  m_LocalRotation: {x: -0, y: -0, z: -0, w: 1}
  m_LocalPosition: {x: 0, y: 0, z: 0}
  m_LocalScale: {x: 1, y: 1, z: 1}
  m_Children: []
  m_Father: {fileID: 1481198944865750647}
  m_RootOrder: 3
  m_LocalEulerAnglesHint: {x: 0, y: 0, z: 0}
--- !u!137 &7037722134964606680
SkinnedMeshRenderer:
  m_ObjectHideFlags: 0
  m_CorrespondingSourceObject: {fileID: 0}
  m_PrefabInstance: {fileID: 0}
  m_PrefabAsset: {fileID: 0}
  m_GameObject: {fileID: 4682857631696398499}
  m_Enabled: 1
  m_CastShadows: 1
  m_ReceiveShadows: 1
  m_DynamicOccludee: 1
  m_MotionVectors: 1
  m_LightProbeUsage: 1
  m_ReflectionProbeUsage: 1
  m_RenderingLayerMask: 1
  m_RendererPriority: 0
  m_Materials:
  - {fileID: 2100000, guid: 82bdd909945a5d3439b203cecef23181, type: 2}
  m_StaticBatchInfo:
    firstSubMesh: 0
    subMeshCount: 0
  m_StaticBatchRoot: {fileID: 0}
  m_ProbeAnchor: {fileID: 0}
  m_LightProbeVolumeOverride: {fileID: 0}
  m_ScaleInLightmap: 1
  m_PreserveUVs: 0
  m_IgnoreNormalsForChartDetection: 0
  m_ImportantGI: 0
  m_StitchLightmapSeams: 0
  m_SelectedEditorRenderState: 3
  m_MinimumChartSize: 4
  m_AutoUVMaxDistance: 0.5
  m_AutoUVMaxAngle: 89
  m_LightmapParameters: {fileID: 0}
  m_SortingLayerID: 0
  m_SortingLayer: 0
  m_SortingOrder: 0
  serializedVersion: 2
  m_Quality: 0
  m_UpdateWhenOffscreen: 1
  m_SkinnedMotionVectors: 1
  m_Mesh: {fileID: 4300000, guid: 9a84ecbab96640e4bbd96af432f92fa3, type: 2}
  m_Bones:
  - {fileID: 1481198944865750555}
  - {fileID: 1481198944865750533}
  - {fileID: 1481198944865751023}
  - {fileID: 1481198944865750975}
  - {fileID: 1481198944865751021}
  - {fileID: 1481198944865751039}
  - {fileID: 1481198944865751033}
  - {fileID: 1481198944865750969}
  - {fileID: 1481198944865750971}
  - {fileID: 1481198944865750949}
  - {fileID: 1481198944865750951}
  - {fileID: 1481198944865750945}
  - {fileID: 1481198944865750957}
  - {fileID: 1481198944865750959}
  - {fileID: 1481198944865750953}
  - {fileID: 1481198944865750955}
  - {fileID: 1481198944865750933}
  - {fileID: 1481198944865750929}
  - {fileID: 1481198944865750931}
  - {fileID: 1481198944865750941}
  - {fileID: 1481198944865750943}
  - {fileID: 1481198944865750937}
  - {fileID: 1481198944865750917}
  - {fileID: 1481198944865750919}
  - {fileID: 1481198944865750913}
  - {fileID: 1481198944865750915}
  - {fileID: 1481198944865750925}
  - {fileID: 1481198944865750921}
  - {fileID: 1481198944865750923}
  - {fileID: 1481198944865751029}
  - {fileID: 1481198944865751031}
  - {fileID: 1481198944865751025}
  - {fileID: 1481198944865751019}
  - {fileID: 1481198944865750553}
  - {fileID: 1481198944865750571}
  - {fileID: 1481198944865750549}
  - {fileID: 1481198944865750997}
  - {fileID: 1481198944865750999}
  - {fileID: 1481198944865750993}
  - {fileID: 1481198944865750995}
  - {fileID: 1481198944865751005}
  - {fileID: 1481198944865751001}
  - {fileID: 1481198944865751003}
  - {fileID: 1481198944865750981}
  - {fileID: 1481198944865750983}
  - {fileID: 1481198944865750977}
  - {fileID: 1481198944865750989}
  - {fileID: 1481198944865750991}
  - {fileID: 1481198944865750985}
  - {fileID: 1481198944865750987}
  - {fileID: 1481198944865750581}
  - {fileID: 1481198944865750577}
  - {fileID: 1481198944865750579}
  - {fileID: 1481198944865750589}
  - {fileID: 1481198944865750591}
  - {fileID: 1481198944865750585}
  - {fileID: 1481198944865750565}
  - {fileID: 1481198944865750567}
  - {fileID: 1481198944865750561}
  - {fileID: 1481198944865750563}
  - {fileID: 1481198944865750573}
  - {fileID: 1481198944865750965}
  - {fileID: 1481198944865750967}
  - {fileID: 1481198944865750961}
  - {fileID: 1481198944865750535}
  - {fileID: 1481198944865750529}
  - {fileID: 1481198944865750541}
  - {fileID: 1481198944865750543}
  - {fileID: 1481198944865751035}
  - {fileID: 1481198944865750973}
  - {fileID: 1481198944865751037}
  - {fileID: 1481198944865751013}
  - {fileID: 1481198944865751015}
  - {fileID: 1481198944865751009}
  - {fileID: 1481198944865750551}
  - {fileID: 1481198944865751017}
  - {fileID: 1481198944865750569}
  - {fileID: 1481198944865750545}
  - {fileID: 1481198944865750547}
  - {fileID: 1481198944865750557}
  - {fileID: 1481198944865750555}
  - {fileID: 1481198944865750533}
  - {fileID: 1481198944865751023}
  - {fileID: 1481198944865750975}
  - {fileID: 1481198944865751021}
  - {fileID: 1481198944865751039}
  - {fileID: 1481198944865751033}
  - {fileID: 1481198944865750969}
  - {fileID: 1481198944865750971}
  - {fileID: 1481198944865750949}
  - {fileID: 1481198944865750951}
  - {fileID: 1481198944865750945}
  - {fileID: 1481198944865750957}
  - {fileID: 1481198944865750959}
  - {fileID: 1481198944865750953}
  - {fileID: 1481198944865750955}
  - {fileID: 1481198944865750933}
  - {fileID: 1481198944865750929}
  - {fileID: 1481198944865750931}
  - {fileID: 1481198944865750941}
  - {fileID: 1481198944865750943}
  - {fileID: 1481198944865750937}
  - {fileID: 1481198944865750917}
  - {fileID: 1481198944865750919}
  - {fileID: 1481198944865750913}
  - {fileID: 1481198944865750915}
  - {fileID: 1481198944865750925}
  - {fileID: 1481198944865750921}
  - {fileID: 1481198944865750923}
  - {fileID: 1481198944865751029}
  - {fileID: 1481198944865751031}
  - {fileID: 1481198944865751025}
  - {fileID: 1481198944865751019}
  - {fileID: 1481198944865750553}
  - {fileID: 1481198944865750571}
  - {fileID: 1481198944865750549}
  - {fileID: 1481198944865750997}
  - {fileID: 1481198944865750999}
  - {fileID: 1481198944865750993}
  - {fileID: 1481198944865750995}
  - {fileID: 1481198944865751005}
  - {fileID: 1481198944865751001}
  - {fileID: 1481198944865751003}
  - {fileID: 1481198944865750981}
  - {fileID: 1481198944865750983}
  - {fileID: 1481198944865750977}
  - {fileID: 1481198944865750989}
  - {fileID: 1481198944865750991}
  - {fileID: 1481198944865750985}
  - {fileID: 1481198944865750987}
  - {fileID: 1481198944865750581}
  - {fileID: 1481198944865750577}
  - {fileID: 1481198944865750579}
  - {fileID: 1481198944865750589}
  - {fileID: 1481198944865750591}
  - {fileID: 1481198944865750585}
  - {fileID: 1481198944865750565}
  - {fileID: 1481198944865750567}
  - {fileID: 1481198944865750561}
  - {fileID: 1481198944865750563}
  - {fileID: 1481198944865750573}
  - {fileID: 1481198944865750965}
  - {fileID: 1481198944865750967}
  - {fileID: 1481198944865750961}
  - {fileID: 1481198944865750535}
  - {fileID: 1481198944865750529}
  - {fileID: 1481198944865750541}
  - {fileID: 1481198944865750543}
  - {fileID: 1481198944865751035}
  - {fileID: 1481198944865750973}
  - {fileID: 1481198944865751037}
  - {fileID: 1481198944865751013}
  - {fileID: 1481198944865751015}
  - {fileID: 1481198944865751009}
  - {fileID: 1481198944865750551}
  - {fileID: 1481198944865751017}
  - {fileID: 1481198944865750569}
  - {fileID: 1481198944865750545}
  - {fileID: 1481198944865750547}
  - {fileID: 1481198944865750557}
  m_BlendShapeWeights: []
  m_RootBone: {fileID: 0}
  m_AABB:
    m_Center: {x: 0, y: 0, z: 0}
    m_Extent: {x: 0, y: 0, z: 0}
  m_DirtyAABB: 1
--- !u!1001 &1481198944866145589
PrefabInstance:
  m_ObjectHideFlags: 0
  serializedVersion: 2
  m_Modification:
    m_TransformParent: {fileID: 0}
    m_Modifications:
    - target: {fileID: 100190, guid: b455ce9a0eafdf140a4b9a09286a7e96, type: 3}
      propertyPath: m_IsActive
      value: 0
      objectReference: {fileID: 0}
    - target: {fileID: 100192, guid: b455ce9a0eafdf140a4b9a09286a7e96, type: 3}
      propertyPath: m_IsActive
      value: 0
      objectReference: {fileID: 0}
    - target: {fileID: 100194, guid: b455ce9a0eafdf140a4b9a09286a7e96, type: 3}
      propertyPath: m_Name
      value: pose19_test5_t
      objectReference: {fileID: 0}
    - target: {fileID: 400078, guid: b455ce9a0eafdf140a4b9a09286a7e96, type: 3}
      propertyPath: m_LocalRotation.x
      value: 0.024713077
      objectReference: {fileID: 0}
    - target: {fileID: 400078, guid: b455ce9a0eafdf140a4b9a09286a7e96, type: 3}
      propertyPath: m_LocalRotation.z
      value: -0.02093147
      objectReference: {fileID: 0}
    - target: {fileID: 400174, guid: b455ce9a0eafdf140a4b9a09286a7e96, type: 3}
      propertyPath: m_LocalRotation.x
      value: 0.5001994
      objectReference: {fileID: 0}
    - target: {fileID: 400174, guid: b455ce9a0eafdf140a4b9a09286a7e96, type: 3}
      propertyPath: m_LocalRotation.y
      value: -0.4997999
      objectReference: {fileID: 0}
    - target: {fileID: 400174, guid: b455ce9a0eafdf140a4b9a09286a7e96, type: 3}
      propertyPath: m_LocalRotation.z
      value: -0.50019866
      objectReference: {fileID: 0}
    - target: {fileID: 400174, guid: b455ce9a0eafdf140a4b9a09286a7e96, type: 3}
      propertyPath: m_LocalRotation.w
      value: 0.49980202
      objectReference: {fileID: 0}
    - target: {fileID: 400194, guid: b455ce9a0eafdf140a4b9a09286a7e96, type: 3}
      propertyPath: m_LocalPosition.x
      value: 0
      objectReference: {fileID: 0}
    - target: {fileID: 400194, guid: b455ce9a0eafdf140a4b9a09286a7e96, type: 3}
      propertyPath: m_LocalPosition.y
      value: 0
      objectReference: {fileID: 0}
    - target: {fileID: 400194, guid: b455ce9a0eafdf140a4b9a09286a7e96, type: 3}
      propertyPath: m_LocalPosition.z
      value: 0
      objectReference: {fileID: 0}
    - target: {fileID: 400194, guid: b455ce9a0eafdf140a4b9a09286a7e96, type: 3}
      propertyPath: m_LocalRotation.x
      value: 0
      objectReference: {fileID: 0}
    - target: {fileID: 400194, guid: b455ce9a0eafdf140a4b9a09286a7e96, type: 3}
      propertyPath: m_LocalRotation.y
      value: 0
      objectReference: {fileID: 0}
    - target: {fileID: 400194, guid: b455ce9a0eafdf140a4b9a09286a7e96, type: 3}
      propertyPath: m_LocalRotation.z
      value: 0
      objectReference: {fileID: 0}
    - target: {fileID: 400194, guid: b455ce9a0eafdf140a4b9a09286a7e96, type: 3}
      propertyPath: m_LocalRotation.w
      value: 1
      objectReference: {fileID: 0}
    - target: {fileID: 400194, guid: b455ce9a0eafdf140a4b9a09286a7e96, type: 3}
      propertyPath: m_RootOrder
      value: 0
      objectReference: {fileID: 0}
    - target: {fileID: 400194, guid: b455ce9a0eafdf140a4b9a09286a7e96, type: 3}
      propertyPath: m_LocalEulerAnglesHint.x
      value: 0
      objectReference: {fileID: 0}
    - target: {fileID: 400194, guid: b455ce9a0eafdf140a4b9a09286a7e96, type: 3}
      propertyPath: m_LocalEulerAnglesHint.y
      value: 0
      objectReference: {fileID: 0}
    - target: {fileID: 400194, guid: b455ce9a0eafdf140a4b9a09286a7e96, type: 3}
      propertyPath: m_LocalEulerAnglesHint.z
      value: 0
      objectReference: {fileID: 0}
    - target: {fileID: 9500000, guid: b455ce9a0eafdf140a4b9a09286a7e96, type: 3}
      propertyPath: m_CullingMode
      value: 0
      objectReference: {fileID: 0}
    m_RemovedComponents: []
  m_SourcePrefab: {fileID: 100100000, guid: b455ce9a0eafdf140a4b9a09286a7e96, type: 3}
--- !u!137 &1481198944871456407 stripped
SkinnedMeshRenderer:
  m_CorrespondingSourceObject: {fileID: 13700002, guid: b455ce9a0eafdf140a4b9a09286a7e96,
    type: 3}
  m_PrefabInstance: {fileID: 1481198944866145589}
  m_PrefabAsset: {fileID: 0}
--- !u!1 &1481198944866243153 stripped
GameObject:
  m_CorrespondingSourceObject: {fileID: 100196, guid: b455ce9a0eafdf140a4b9a09286a7e96,
    type: 3}
  m_PrefabInstance: {fileID: 1481198944866145589}
  m_PrefabAsset: {fileID: 0}
--- !u!4 &1481198944865750641 stripped
Transform:
  m_CorrespondingSourceObject: {fileID: 400196, guid: b455ce9a0eafdf140a4b9a09286a7e96,
    type: 3}
  m_PrefabInstance: {fileID: 1481198944866145589}
  m_PrefabAsset: {fileID: 0}
--- !u!4 &1481198944865750555 stripped
Transform:
  m_CorrespondingSourceObject: {fileID: 400174, guid: b455ce9a0eafdf140a4b9a09286a7e96,
    type: 3}
  m_PrefabInstance: {fileID: 1481198944866145589}
  m_PrefabAsset: {fileID: 0}
--- !u!4 &1481198944865751035 stripped
Transform:
  m_CorrespondingSourceObject: {fileID: 400078, guid: b455ce9a0eafdf140a4b9a09286a7e96,
    type: 3}
  m_PrefabInstance: {fileID: 1481198944866145589}
  m_PrefabAsset: {fileID: 0}
--- !u!4 &1481198944865750973 stripped
Transform:
  m_CorrespondingSourceObject: {fileID: 400008, guid: b455ce9a0eafdf140a4b9a09286a7e96,
    type: 3}
  m_PrefabInstance: {fileID: 1481198944866145589}
  m_PrefabAsset: {fileID: 0}
--- !u!4 &1481198944865751037 stripped
Transform:
  m_CorrespondingSourceObject: {fileID: 400072, guid: b455ce9a0eafdf140a4b9a09286a7e96,
    type: 3}
  m_PrefabInstance: {fileID: 1481198944866145589}
  m_PrefabAsset: {fileID: 0}
--- !u!4 &1481198944865751013 stripped
Transform:
  m_CorrespondingSourceObject: {fileID: 400080, guid: b455ce9a0eafdf140a4b9a09286a7e96,
    type: 3}
  m_PrefabInstance: {fileID: 1481198944866145589}
  m_PrefabAsset: {fileID: 0}
--- !u!4 &1481198944865751015 stripped
Transform:
  m_CorrespondingSourceObject: {fileID: 400082, guid: b455ce9a0eafdf140a4b9a09286a7e96,
    type: 3}
  m_PrefabInstance: {fileID: 1481198944866145589}
  m_PrefabAsset: {fileID: 0}
--- !u!4 &1481198944865751009 stripped
Transform:
  m_CorrespondingSourceObject: {fileID: 400084, guid: b455ce9a0eafdf140a4b9a09286a7e96,
    type: 3}
  m_PrefabInstance: {fileID: 1481198944866145589}
  m_PrefabAsset: {fileID: 0}
--- !u!4 &1481198944865750551 stripped
Transform:
  m_CorrespondingSourceObject: {fileID: 400162, guid: b455ce9a0eafdf140a4b9a09286a7e96,
    type: 3}
  m_PrefabInstance: {fileID: 1481198944866145589}
  m_PrefabAsset: {fileID: 0}
--- !u!4 &1481198944865751017 stripped
Transform:
  m_CorrespondingSourceObject: {fileID: 400092, guid: b455ce9a0eafdf140a4b9a09286a7e96,
    type: 3}
  m_PrefabInstance: {fileID: 1481198944866145589}
  m_PrefabAsset: {fileID: 0}
--- !u!4 &1481198944865750569 stripped
Transform:
  m_CorrespondingSourceObject: {fileID: 400156, guid: b455ce9a0eafdf140a4b9a09286a7e96,
    type: 3}
  m_PrefabInstance: {fileID: 1481198944866145589}
  m_PrefabAsset: {fileID: 0}
--- !u!4 &1481198944865750545 stripped
Transform:
  m_CorrespondingSourceObject: {fileID: 400164, guid: b455ce9a0eafdf140a4b9a09286a7e96,
    type: 3}
  m_PrefabInstance: {fileID: 1481198944866145589}
  m_PrefabAsset: {fileID: 0}
--- !u!4 &1481198944865750547 stripped
Transform:
  m_CorrespondingSourceObject: {fileID: 400166, guid: b455ce9a0eafdf140a4b9a09286a7e96,
    type: 3}
  m_PrefabInstance: {fileID: 1481198944866145589}
  m_PrefabAsset: {fileID: 0}
--- !u!4 &1481198944865750557 stripped
Transform:
  m_CorrespondingSourceObject: {fileID: 400168, guid: b455ce9a0eafdf140a4b9a09286a7e96,
    type: 3}
  m_PrefabInstance: {fileID: 1481198944866145589}
  m_PrefabAsset: {fileID: 0}
--- !u!4 &1481198944865750533 stripped
Transform:
  m_CorrespondingSourceObject: {fileID: 400176, guid: b455ce9a0eafdf140a4b9a09286a7e96,
    type: 3}
  m_PrefabInstance: {fileID: 1481198944866145589}
  m_PrefabAsset: {fileID: 0}
--- !u!4 &1481198944865751023 stripped
Transform:
  m_CorrespondingSourceObject: {fileID: 400090, guid: b455ce9a0eafdf140a4b9a09286a7e96,
    type: 3}
  m_PrefabInstance: {fileID: 1481198944866145589}
  m_PrefabAsset: {fileID: 0}
--- !u!4 &1481198944865750965 stripped
Transform:
  m_CorrespondingSourceObject: {fileID: 400000, guid: b455ce9a0eafdf140a4b9a09286a7e96,
    type: 3}
  m_PrefabInstance: {fileID: 1481198944866145589}
  m_PrefabAsset: {fileID: 0}
--- !u!4 &1481198944865750967 stripped
Transform:
  m_CorrespondingSourceObject: {fileID: 400002, guid: b455ce9a0eafdf140a4b9a09286a7e96,
    type: 3}
  m_PrefabInstance: {fileID: 1481198944866145589}
  m_PrefabAsset: {fileID: 0}
--- !u!4 &1481198944865750961 stripped
Transform:
  m_CorrespondingSourceObject: {fileID: 400004, guid: b455ce9a0eafdf140a4b9a09286a7e96,
    type: 3}
  m_PrefabInstance: {fileID: 1481198944866145589}
  m_PrefabAsset: {fileID: 0}
--- !u!4 &1481198944865750535 stripped
Transform:
  m_CorrespondingSourceObject: {fileID: 400178, guid: b455ce9a0eafdf140a4b9a09286a7e96,
    type: 3}
  m_PrefabInstance: {fileID: 1481198944866145589}
  m_PrefabAsset: {fileID: 0}
--- !u!4 &1481198944865750529 stripped
Transform:
  m_CorrespondingSourceObject: {fileID: 400180, guid: b455ce9a0eafdf140a4b9a09286a7e96,
    type: 3}
  m_PrefabInstance: {fileID: 1481198944866145589}
  m_PrefabAsset: {fileID: 0}
--- !u!4 &1481198944865750541 stripped
Transform:
  m_CorrespondingSourceObject: {fileID: 400184, guid: b455ce9a0eafdf140a4b9a09286a7e96,
    type: 3}
  m_PrefabInstance: {fileID: 1481198944866145589}
  m_PrefabAsset: {fileID: 0}
--- !u!4 &1481198944865750543 stripped
Transform:
  m_CorrespondingSourceObject: {fileID: 400186, guid: b455ce9a0eafdf140a4b9a09286a7e96,
    type: 3}
  m_PrefabInstance: {fileID: 1481198944866145589}
  m_PrefabAsset: {fileID: 0}
--- !u!4 &1481198944865750975 stripped
Transform:
  m_CorrespondingSourceObject: {fileID: 400010, guid: b455ce9a0eafdf140a4b9a09286a7e96,
    type: 3}
  m_PrefabInstance: {fileID: 1481198944866145589}
  m_PrefabAsset: {fileID: 0}
--- !u!4 &1481198944865751021 stripped
Transform:
  m_CorrespondingSourceObject: {fileID: 400088, guid: b455ce9a0eafdf140a4b9a09286a7e96,
    type: 3}
  m_PrefabInstance: {fileID: 1481198944866145589}
  m_PrefabAsset: {fileID: 0}
--- !u!4 &1481198944865751039 stripped
Transform:
  m_CorrespondingSourceObject: {fileID: 400074, guid: b455ce9a0eafdf140a4b9a09286a7e96,
    type: 3}
  m_PrefabInstance: {fileID: 1481198944866145589}
  m_PrefabAsset: {fileID: 0}
--- !u!4 &1481198944865751033 stripped
Transform:
  m_CorrespondingSourceObject: {fileID: 400076, guid: b455ce9a0eafdf140a4b9a09286a7e96,
    type: 3}
  m_PrefabInstance: {fileID: 1481198944866145589}
  m_PrefabAsset: {fileID: 0}
--- !u!4 &1481198944865750969 stripped
Transform:
  m_CorrespondingSourceObject: {fileID: 400012, guid: b455ce9a0eafdf140a4b9a09286a7e96,
    type: 3}
  m_PrefabInstance: {fileID: 1481198944866145589}
  m_PrefabAsset: {fileID: 0}
--- !u!4 &1481198944865750971 stripped
Transform:
  m_CorrespondingSourceObject: {fileID: 400014, guid: b455ce9a0eafdf140a4b9a09286a7e96,
    type: 3}
  m_PrefabInstance: {fileID: 1481198944866145589}
  m_PrefabAsset: {fileID: 0}
--- !u!4 &1481198944865750949 stripped
Transform:
  m_CorrespondingSourceObject: {fileID: 400016, guid: b455ce9a0eafdf140a4b9a09286a7e96,
    type: 3}
  m_PrefabInstance: {fileID: 1481198944866145589}
  m_PrefabAsset: {fileID: 0}
--- !u!4 &1481198944865750951 stripped
Transform:
  m_CorrespondingSourceObject: {fileID: 400018, guid: b455ce9a0eafdf140a4b9a09286a7e96,
    type: 3}
  m_PrefabInstance: {fileID: 1481198944866145589}
  m_PrefabAsset: {fileID: 0}
--- !u!4 &1481198944865750945 stripped
Transform:
  m_CorrespondingSourceObject: {fileID: 400020, guid: b455ce9a0eafdf140a4b9a09286a7e96,
    type: 3}
  m_PrefabInstance: {fileID: 1481198944866145589}
  m_PrefabAsset: {fileID: 0}
--- !u!4 &1481198944865750957 stripped
Transform:
  m_CorrespondingSourceObject: {fileID: 400024, guid: b455ce9a0eafdf140a4b9a09286a7e96,
    type: 3}
  m_PrefabInstance: {fileID: 1481198944866145589}
  m_PrefabAsset: {fileID: 0}
--- !u!4 &1481198944865750959 stripped
Transform:
  m_CorrespondingSourceObject: {fileID: 400026, guid: b455ce9a0eafdf140a4b9a09286a7e96,
    type: 3}
  m_PrefabInstance: {fileID: 1481198944866145589}
  m_PrefabAsset: {fileID: 0}
--- !u!4 &1481198944865750953 stripped
Transform:
  m_CorrespondingSourceObject: {fileID: 400028, guid: b455ce9a0eafdf140a4b9a09286a7e96,
    type: 3}
  m_PrefabInstance: {fileID: 1481198944866145589}
  m_PrefabAsset: {fileID: 0}
--- !u!4 &1481198944865750955 stripped
Transform:
  m_CorrespondingSourceObject: {fileID: 400030, guid: b455ce9a0eafdf140a4b9a09286a7e96,
    type: 3}
  m_PrefabInstance: {fileID: 1481198944866145589}
  m_PrefabAsset: {fileID: 0}
--- !u!4 &1481198944865750933 stripped
Transform:
  m_CorrespondingSourceObject: {fileID: 400032, guid: b455ce9a0eafdf140a4b9a09286a7e96,
    type: 3}
  m_PrefabInstance: {fileID: 1481198944866145589}
  m_PrefabAsset: {fileID: 0}
--- !u!4 &1481198944865750929 stripped
Transform:
  m_CorrespondingSourceObject: {fileID: 400036, guid: b455ce9a0eafdf140a4b9a09286a7e96,
    type: 3}
  m_PrefabInstance: {fileID: 1481198944866145589}
  m_PrefabAsset: {fileID: 0}
--- !u!4 &1481198944865750931 stripped
Transform:
  m_CorrespondingSourceObject: {fileID: 400038, guid: b455ce9a0eafdf140a4b9a09286a7e96,
    type: 3}
  m_PrefabInstance: {fileID: 1481198944866145589}
  m_PrefabAsset: {fileID: 0}
--- !u!4 &1481198944865750941 stripped
Transform:
  m_CorrespondingSourceObject: {fileID: 400040, guid: b455ce9a0eafdf140a4b9a09286a7e96,
    type: 3}
  m_PrefabInstance: {fileID: 1481198944866145589}
  m_PrefabAsset: {fileID: 0}
--- !u!4 &1481198944865750943 stripped
Transform:
  m_CorrespondingSourceObject: {fileID: 400042, guid: b455ce9a0eafdf140a4b9a09286a7e96,
    type: 3}
  m_PrefabInstance: {fileID: 1481198944866145589}
  m_PrefabAsset: {fileID: 0}
--- !u!4 &1481198944865750937 stripped
Transform:
  m_CorrespondingSourceObject: {fileID: 400044, guid: b455ce9a0eafdf140a4b9a09286a7e96,
    type: 3}
  m_PrefabInstance: {fileID: 1481198944866145589}
  m_PrefabAsset: {fileID: 0}
--- !u!4 &1481198944865750917 stripped
Transform:
  m_CorrespondingSourceObject: {fileID: 400048, guid: b455ce9a0eafdf140a4b9a09286a7e96,
    type: 3}
  m_PrefabInstance: {fileID: 1481198944866145589}
  m_PrefabAsset: {fileID: 0}
--- !u!4 &1481198944865750919 stripped
Transform:
  m_CorrespondingSourceObject: {fileID: 400050, guid: b455ce9a0eafdf140a4b9a09286a7e96,
    type: 3}
  m_PrefabInstance: {fileID: 1481198944866145589}
  m_PrefabAsset: {fileID: 0}
--- !u!4 &1481198944865750913 stripped
Transform:
  m_CorrespondingSourceObject: {fileID: 400052, guid: b455ce9a0eafdf140a4b9a09286a7e96,
    type: 3}
  m_PrefabInstance: {fileID: 1481198944866145589}
  m_PrefabAsset: {fileID: 0}
--- !u!4 &1481198944865750915 stripped
Transform:
  m_CorrespondingSourceObject: {fileID: 400054, guid: b455ce9a0eafdf140a4b9a09286a7e96,
    type: 3}
  m_PrefabInstance: {fileID: 1481198944866145589}
  m_PrefabAsset: {fileID: 0}
--- !u!4 &1481198944865750925 stripped
Transform:
  m_CorrespondingSourceObject: {fileID: 400056, guid: b455ce9a0eafdf140a4b9a09286a7e96,
    type: 3}
  m_PrefabInstance: {fileID: 1481198944866145589}
  m_PrefabAsset: {fileID: 0}
--- !u!4 &1481198944865750921 stripped
Transform:
  m_CorrespondingSourceObject: {fileID: 400060, guid: b455ce9a0eafdf140a4b9a09286a7e96,
    type: 3}
  m_PrefabInstance: {fileID: 1481198944866145589}
  m_PrefabAsset: {fileID: 0}
--- !u!4 &1481198944865750923 stripped
Transform:
  m_CorrespondingSourceObject: {fileID: 400062, guid: b455ce9a0eafdf140a4b9a09286a7e96,
    type: 3}
  m_PrefabInstance: {fileID: 1481198944866145589}
  m_PrefabAsset: {fileID: 0}
--- !u!4 &1481198944865751029 stripped
Transform:
  m_CorrespondingSourceObject: {fileID: 400064, guid: b455ce9a0eafdf140a4b9a09286a7e96,
    type: 3}
  m_PrefabInstance: {fileID: 1481198944866145589}
  m_PrefabAsset: {fileID: 0}
--- !u!4 &1481198944865751031 stripped
Transform:
  m_CorrespondingSourceObject: {fileID: 400066, guid: b455ce9a0eafdf140a4b9a09286a7e96,
    type: 3}
  m_PrefabInstance: {fileID: 1481198944866145589}
  m_PrefabAsset: {fileID: 0}
--- !u!4 &1481198944865751025 stripped
Transform:
  m_CorrespondingSourceObject: {fileID: 400068, guid: b455ce9a0eafdf140a4b9a09286a7e96,
    type: 3}
  m_PrefabInstance: {fileID: 1481198944866145589}
  m_PrefabAsset: {fileID: 0}
--- !u!4 &1481198944865751019 stripped
Transform:
  m_CorrespondingSourceObject: {fileID: 400094, guid: b455ce9a0eafdf140a4b9a09286a7e96,
    type: 3}
  m_PrefabInstance: {fileID: 1481198944866145589}
  m_PrefabAsset: {fileID: 0}
--- !u!4 &1481198944865750553 stripped
Transform:
  m_CorrespondingSourceObject: {fileID: 400172, guid: b455ce9a0eafdf140a4b9a09286a7e96,
    type: 3}
  m_PrefabInstance: {fileID: 1481198944866145589}
  m_PrefabAsset: {fileID: 0}
--- !u!4 &1481198944865750571 stripped
Transform:
  m_CorrespondingSourceObject: {fileID: 400158, guid: b455ce9a0eafdf140a4b9a09286a7e96,
    type: 3}
  m_PrefabInstance: {fileID: 1481198944866145589}
  m_PrefabAsset: {fileID: 0}
--- !u!4 &1481198944865750549 stripped
Transform:
  m_CorrespondingSourceObject: {fileID: 400160, guid: b455ce9a0eafdf140a4b9a09286a7e96,
    type: 3}
  m_PrefabInstance: {fileID: 1481198944866145589}
  m_PrefabAsset: {fileID: 0}
--- !u!4 &1481198944865750997 stripped
Transform:
  m_CorrespondingSourceObject: {fileID: 400096, guid: b455ce9a0eafdf140a4b9a09286a7e96,
    type: 3}
  m_PrefabInstance: {fileID: 1481198944866145589}
  m_PrefabAsset: {fileID: 0}
--- !u!4 &1481198944865750999 stripped
Transform:
  m_CorrespondingSourceObject: {fileID: 400098, guid: b455ce9a0eafdf140a4b9a09286a7e96,
    type: 3}
  m_PrefabInstance: {fileID: 1481198944866145589}
  m_PrefabAsset: {fileID: 0}
--- !u!4 &1481198944865750993 stripped
Transform:
  m_CorrespondingSourceObject: {fileID: 400100, guid: b455ce9a0eafdf140a4b9a09286a7e96,
    type: 3}
  m_PrefabInstance: {fileID: 1481198944866145589}
  m_PrefabAsset: {fileID: 0}
--- !u!4 &1481198944865750995 stripped
Transform:
  m_CorrespondingSourceObject: {fileID: 400102, guid: b455ce9a0eafdf140a4b9a09286a7e96,
    type: 3}
  m_PrefabInstance: {fileID: 1481198944866145589}
  m_PrefabAsset: {fileID: 0}
--- !u!4 &1481198944865751005 stripped
Transform:
  m_CorrespondingSourceObject: {fileID: 400104, guid: b455ce9a0eafdf140a4b9a09286a7e96,
    type: 3}
  m_PrefabInstance: {fileID: 1481198944866145589}
  m_PrefabAsset: {fileID: 0}
--- !u!4 &1481198944865751001 stripped
Transform:
  m_CorrespondingSourceObject: {fileID: 400108, guid: b455ce9a0eafdf140a4b9a09286a7e96,
    type: 3}
  m_PrefabInstance: {fileID: 1481198944866145589}
  m_PrefabAsset: {fileID: 0}
--- !u!1 &1481198944866243159 stripped
GameObject:
  m_CorrespondingSourceObject: {fileID: 100194, guid: b455ce9a0eafdf140a4b9a09286a7e96,
    type: 3}
  m_PrefabInstance: {fileID: 1481198944866145589}
  m_PrefabAsset: {fileID: 0}
--- !u!4 &1481198944865750981 stripped
Transform:
  m_CorrespondingSourceObject: {fileID: 400112, guid: b455ce9a0eafdf140a4b9a09286a7e96,
    type: 3}
  m_PrefabInstance: {fileID: 1481198944866145589}
  m_PrefabAsset: {fileID: 0}
--- !u!4 &1481198944865750983 stripped
Transform:
  m_CorrespondingSourceObject: {fileID: 400114, guid: b455ce9a0eafdf140a4b9a09286a7e96,
    type: 3}
  m_PrefabInstance: {fileID: 1481198944866145589}
  m_PrefabAsset: {fileID: 0}
--- !u!4 &1481198944865750977 stripped
Transform:
  m_CorrespondingSourceObject: {fileID: 400116, guid: b455ce9a0eafdf140a4b9a09286a7e96,
    type: 3}
  m_PrefabInstance: {fileID: 1481198944866145589}
  m_PrefabAsset: {fileID: 0}
--- !u!4 &1481198944865750989 stripped
Transform:
  m_CorrespondingSourceObject: {fileID: 400120, guid: b455ce9a0eafdf140a4b9a09286a7e96,
    type: 3}
  m_PrefabInstance: {fileID: 1481198944866145589}
  m_PrefabAsset: {fileID: 0}
--- !u!4 &1481198944865750991 stripped
Transform:
  m_CorrespondingSourceObject: {fileID: 400122, guid: b455ce9a0eafdf140a4b9a09286a7e96,
    type: 3}
  m_PrefabInstance: {fileID: 1481198944866145589}
  m_PrefabAsset: {fileID: 0}
--- !u!4 &1481198944865750985 stripped
Transform:
  m_CorrespondingSourceObject: {fileID: 400124, guid: b455ce9a0eafdf140a4b9a09286a7e96,
    type: 3}
  m_PrefabInstance: {fileID: 1481198944866145589}
  m_PrefabAsset: {fileID: 0}
--- !u!4 &1481198944865750987 stripped
Transform:
  m_CorrespondingSourceObject: {fileID: 400126, guid: b455ce9a0eafdf140a4b9a09286a7e96,
    type: 3}
  m_PrefabInstance: {fileID: 1481198944866145589}
  m_PrefabAsset: {fileID: 0}
--- !u!4 &1481198944865750581 stripped
Transform:
  m_CorrespondingSourceObject: {fileID: 400128, guid: b455ce9a0eafdf140a4b9a09286a7e96,
    type: 3}
  m_PrefabInstance: {fileID: 1481198944866145589}
  m_PrefabAsset: {fileID: 0}
--- !u!4 &1481198944865750577 stripped
Transform:
  m_CorrespondingSourceObject: {fileID: 400132, guid: b455ce9a0eafdf140a4b9a09286a7e96,
    type: 3}
  m_PrefabInstance: {fileID: 1481198944866145589}
  m_PrefabAsset: {fileID: 0}
--- !u!4 &1481198944865750579 stripped
Transform:
  m_CorrespondingSourceObject: {fileID: 400134, guid: b455ce9a0eafdf140a4b9a09286a7e96,
    type: 3}
  m_PrefabInstance: {fileID: 1481198944866145589}
  m_PrefabAsset: {fileID: 0}
--- !u!4 &1481198944865751003 stripped
Transform:
  m_CorrespondingSourceObject: {fileID: 400110, guid: b455ce9a0eafdf140a4b9a09286a7e96,
    type: 3}
  m_PrefabInstance: {fileID: 1481198944866145589}
  m_PrefabAsset: {fileID: 0}
--- !u!4 &1481198944865750591 stripped
Transform:
  m_CorrespondingSourceObject: {fileID: 400138, guid: b455ce9a0eafdf140a4b9a09286a7e96,
    type: 3}
  m_PrefabInstance: {fileID: 1481198944866145589}
  m_PrefabAsset: {fileID: 0}
--- !u!4 &1481198944865750585 stripped
Transform:
  m_CorrespondingSourceObject: {fileID: 400140, guid: b455ce9a0eafdf140a4b9a09286a7e96,
    type: 3}
  m_PrefabInstance: {fileID: 1481198944866145589}
  m_PrefabAsset: {fileID: 0}
--- !u!4 &1481198944865750565 stripped
Transform:
  m_CorrespondingSourceObject: {fileID: 400144, guid: b455ce9a0eafdf140a4b9a09286a7e96,
    type: 3}
  m_PrefabInstance: {fileID: 1481198944866145589}
  m_PrefabAsset: {fileID: 0}
--- !u!4 &1481198944865750567 stripped
Transform:
  m_CorrespondingSourceObject: {fileID: 400146, guid: b455ce9a0eafdf140a4b9a09286a7e96,
    type: 3}
  m_PrefabInstance: {fileID: 1481198944866145589}
  m_PrefabAsset: {fileID: 0}
--- !u!4 &1481198944865750561 stripped
Transform:
  m_CorrespondingSourceObject: {fileID: 400148, guid: b455ce9a0eafdf140a4b9a09286a7e96,
    type: 3}
  m_PrefabInstance: {fileID: 1481198944866145589}
  m_PrefabAsset: {fileID: 0}
--- !u!4 &1481198944865750563 stripped
Transform:
  m_CorrespondingSourceObject: {fileID: 400150, guid: b455ce9a0eafdf140a4b9a09286a7e96,
    type: 3}
  m_PrefabInstance: {fileID: 1481198944866145589}
  m_PrefabAsset: {fileID: 0}
--- !u!4 &1481198944865750573 stripped
Transform:
  m_CorrespondingSourceObject: {fileID: 400152, guid: b455ce9a0eafdf140a4b9a09286a7e96,
    type: 3}
  m_PrefabInstance: {fileID: 1481198944866145589}
  m_PrefabAsset: {fileID: 0}
--- !u!4 &1481198944865750647 stripped
Transform:
  m_CorrespondingSourceObject: {fileID: 400194, guid: b455ce9a0eafdf140a4b9a09286a7e96,
    type: 3}
  m_PrefabInstance: {fileID: 1481198944866145589}
  m_PrefabAsset: {fileID: 0}
--- !u!95 &1481198944875634773 stripped
Animator:
  m_CorrespondingSourceObject: {fileID: 9500000, guid: b455ce9a0eafdf140a4b9a09286a7e96,
    type: 3}
  m_PrefabInstance: {fileID: 1481198944866145589}
  m_PrefabAsset: {fileID: 0}
--- !u!137 &1481198944871456405 stripped
SkinnedMeshRenderer:
  m_CorrespondingSourceObject: {fileID: 13700000, guid: b455ce9a0eafdf140a4b9a09286a7e96,
    type: 3}
  m_PrefabInstance: {fileID: 1481198944866145589}
  m_PrefabAsset: {fileID: 0}
--- !u!4 &1481198944865750589 stripped
Transform:
  m_CorrespondingSourceObject: {fileID: 400136, guid: b455ce9a0eafdf140a4b9a09286a7e96,
    type: 3}
  m_PrefabInstance: {fileID: 1481198944866145589}
  m_PrefabAsset: {fileID: 0}
